%http://ai.stanford.edu/~ang/papers/nips01-spectral.pdf
@phdthesist{ALGORYTM,
	author  = {Andrew Y. Ng and Michael I. Jordan and Yair Weiss }, 
	title   = {On Spectral Clustering: Analysis and an algorithm},
	journal = {NIPS},
	school = {U.C. Berkeley},
	year         = 2001,
	address      = {Berkeley, California},
	month        = 12,
	url = {http://ai.stanford.edu/~ang/papers/nips01-spectral.pdf}
}


http://www.cs.cmu.edu/~aarti/Class/10701/readings/Luxburg06_TR.pdf	
@techreport{ INTRO,
	author  = {Ulrike von Luxburg},
	title   = {A Tutorial on Spectral Clustering},
	journal = {Technical Report},
	institution = {Max Planck Institute for Biological Cybernetics},
	year         = 2006,
	number       = 149,
	address      = {Spemannstr. 38, 72076 T¨ubingen, Germany},
	month        = 8
}

http://machinelearning.wustl.edu/mlpapers/paper_files/NIPS2006_630.pdf
@mastersthesis{LEARNING,
	author       = {Peter Harwood}, 
	title        = {Learning with Hypergraphs: Clustering, Classification, and Embedding},
	school       = {Max Planck Institute for Biological Cybernetics},
	year         = 2006,
	address      = {Spemannstr. 38, 72076 T¨ubingen, Germany},
	month        = 7
}


http://authors.library.caltech.edu/65341/1/2619-self-tuning-spectral-clustering.pdf
@mastersthesis{TUNING,
	author       = {Lihi Zelnik-Manor and Pietro Perona}, 
	title        = {Self-Tuning Spectral Clustering},
	school       = {California Institute of Technology},
	year         = 2007,
	address      = {Pasadena, CA 91125, USA},
	month        = 12
}


%https://arxiv.org/pdf/1205.3630.pdf
@ARTICLE{samples,
	author = {Tom Michoel and Bruno Nachtergaele},
	title = {Alignment and integration of complex networks by hypergraph-based spectral clustering},
	institution = {The Roslin Institute, The University of Edinburgh},
	journal = {Physics.SOC},
	year = {2012},
	volume = {3},
	number = {1205},
	pages = {3630},
	month = 11
}

%http://citeseerx.ist.psu.edu/viewdoc/download?doi=10.1.1.703.1934&rep=rep1&type=pdf
@ARTICLE{MultiSVD,
	author = {Debarghya Ghoshdastidar and Ambedkar Dukkipati},
	title = {Spectral Clustering Using Multilinear SVD:	Analysis, Approximations and Applications},
	institution = {Department of Computer Science & Automation Indian Institute of Science},
	journal = {AAAI},
	year = {2015},
	volume = {29},
	number = {29},
	pages = {2610-2616},
	month = 12
}