 
 
 @BOOK{Odometer:Fuchs,
 	author = { Phillip P. Fuchs},
 	title = {Permutation Odometers},
 	publisher = {www.quickperm.org/odometers.php},
 	year = {2016}
 }

@BOOK{Hypergraph:Book,
author = {Claude Berge},
title = {Hypergraphs},
publisher = {North-Holland Mathematical Library},
year = {1989}
}

@article{molnar2014applications,
	title={Applications of hypergraphs in informatics: a survey and opportunities for research},
	author={Moln{\'a}r, B{\'a}lint},
	journal={Ann. Univ. Sci. Budapest. Sect. Comput},
	volume={42},
	pages={261--282},
	year={2014}
}

@inproceedings{catalyurek2007hypergraph,
	title={Hypergraph-based dynamic load balancing for adaptive scientific computations},
	author={Catalyurek, Umit V and Boman, Erik G and Devine, Karen D and Bozdag, Doruk and Heaphy, Robert and Riesen, Lee Ann},
	booktitle={Parallel and Distributed Processing Symposium, 2007. IPDPS 2007. IEEE International},
	pages={1--11},
	year={2007},
	organization={IEEE}
}