@Article{Berge,
author = {Claude Berge},
title = {Hypergraphs},
journal = {North-Holland Mathematical Library},
year = {1989}
}

@Article{Molnar,
author = {B\'{a}lint Moln\'{a}r},
title = {Applications of Hypergraphs in Informatics: A survey and opportunities for research},
journal = {Annales Univ. Sci. Budapest.},
year = {2014}
}

@Article{Ausiello,
author = { Giorgio Ausiello and Giuseppe F. Italiano and Umberto Nanni},
title = {Optimal Traversal of Directed Hypergraphs},
journal = {University of Berkeley},
year = {1992}
}

@Article{Zhou,
author = { Dengyong Zhou and Jiayuan Huang and Bernard Sch\"{o}lkopf},
title = {Learning with Hypergraphs: Clustering, Classification, and Embedding},
journal = {NEC Laboratories America, Inc.},
year = {2006}
}

@Article{Aurelien,
author = { Aur\'{e}lien Ducournau and Alain Bretto},
title = {Random walks in directed hypergraphs and application to semi-supervised image segmentation},
journal = {Computer Vision and Image Understanding},
year = {2014}
}

@Article{Ritz,
author = { Anna Rita and T.M. Murali},
title = {Pathway Analysis with Signaling Hypergraphs},
journal = {Publications of the ACM},
year = {2014}
}

@Article{Fuchs,
author = { Phillip P. Fuchs},
title = {Permutation Odometers},
journel = {www.quickperm.org/odometers.php},
year = {2016}
}

% this is sub graph cluster regerences.

@Article{Devine,
author = { Karen D. Devine and Erik G. Boman and Robert T. Heaphy and Rob H. Bisseling and Umit V. Catalyurk},
title = {Parallel Hypergraph Partitioning for Scientific Computing},
journel = {Sandia National Laboratories},
year = {2006}
}

@Article{Sun,
author = {Zhao Sun and Hongzhi Wang and Haixun Wang and Bin Shao and Jianzhong Li},
title = {Efficient Subgraph Matching on Billion Node Graphs},
journel = {Proceedings of the VLDB Endowment},
year = {2012}
}

@Article{ACM,
author = {Communications of the ACM},
title = {How to Partition a Billion-Node Graph},
journel = {Communications of the ACM},
year = {2014}
}

@Article{Satu,
author = {Satu Elisa Schaeffer},
title = {Survey: Graph clustering},
journel = {ELSEVIER},
year = {2007}
}

@Article{Jens,
author = {Jens Clausen},
title = {Branch and Bound Algorithms - Principles and Examples.},
journel = {University of Copenhagen},
year = {1999}
}

@Article{Mohamed,
author = {Mohamed F. Mokbel and Walid G. Aref and Ibrahim Kamel},
title = {Performance of Multi-Dimensional Space-filling Curves},
journel = {Purdue University},
year = {2003}
}

@Article{Lawder,
author = {J K Lawder},
title = {Calculation of Mappings Between One and $n$-dimensional Values Using the Hilbert Space-filling Curve},
journel = {University of London},
year = {2000}
}

@Article{Nielsen,
author = {Lars Relund Nielsen and Kim Allan Anderson and Daniele Pretolani},
title = {Finding the $K$ shortest hyperpaths: algorithms and applications},
journel = {University of Aarhus},
year = {2004}
}
