
 
 @MASTERSTHESIS{MDSFC,
  author = {Mohamed F. Mokbel and Walid G. Aref and Ibrahim Kamel},
  title = {Performance of Multi-Dimensional Space-Filling Curves},
  school = {Purdue University},
  year = {2002}
 }

 @MASTERSTHESIS{TDHSPC,
  author = {Herman Haverkort},
  title = {An inventory of three-dimensional Hilbert space-filling curves},
  school = {Eindhoven University of Technology},
  year = {2011}
 } 

@TECHREPORT{CMBONDV,
author = {J K Lawder},
title = {Calculation of Mappings Between One and $n$-dimensional Values Using the Hilbert Space-filling Curve},
institution = {Birkbeck College University of London},
year = {2000},
number = {JL1/00},
address = {Malet Street London WC1E 7HX United Kingdom},
month = {August}
}



@Article{Sun,
author = {Zhao Sun and Hongzhi Wang and Haixun Wang and Bin Shao and Jianzhong Li},
title = {Efficient Subgraph Matching on Billion Node Graphs},
journel = {Proceedings of the VLDB Endowment},
year = {2012}
}

@Article{ACM,
author = {Communications of the ACM},
title = {How to Partition a Billion-Node Graph},
journel = {Communications of the ACM},
year = {2014}
}



 @MASTERSTHESIS{Jens,
author = {Jens Clausen},
title = {Branch and Bound Algorithms - Principles and Examples.},
school = {University of Copenhagen},
year = {1999}
}


@Article{Satu,
author = {Satu Elisa Schaeffer},
title = {Survey: Graph clustering},
journel = {Computer Science Review},
year = {2007},
number = {I},
pages = {27-64},
month = {May}
}




----------------






@TECHREPORT{HDLBASC,
author = {Umit V. Catalyurek and Erik G. Boman and Karen D. Devine and Doruk Bozdag and Robert Heaphy and Lee Ann Riesen},
title = {Hypergraph-based Dynamic Load Balancing for Adaptive Scientific Computations},
institution = {Ohio State University and Sandia National Laboratories},
year = {2007},
number = {1-4244-0910-1/07},
address = {Columbus, OH 43210, USA},
}




@Article{PAwSH,
author = { Anna Rita and T.M. Murali},
title = {Pathway Analysis with Signaling Hypergraphs},
journal = {Publications of the ACM},
year = {2014},
month = {September}
}



@TECHREPORT{Nielsen,
author = {Lars Relund Nielsen and Kim Allan Anderson and Daniele Pretolani},
title = {Finding the $K$ shortest hyperpaths: algorithms and applications},
institution = {University of Aarhus},
year = {2004}
}

@TECHREPORT{Ausiello,
author = { Giorgio Ausiello and Giuseppe F. Italiano and Umberto Nanni},
title = {Optimal Traversal of Directed Hypergraphs},
institution = {University of Berkeley},
year = {1992}
}

@Article{Aurelien,
author = { Aur\'{e}lien Ducournau and Alain Bretto},
title = {Random walks in directed hypergraphs and application to semi-supervised image segmentation},
journal = {Computer Vision and Image Understanding},
year = {2014},
pages = {91-102}
}


@TECHREPORT{Zhou,
author = { Dengyong Zhou and Jiayuan Huang and Bernard Sch\"{o}lkopf},
title = {Learning with Hypergraphs: Clustering, Classification, and Embedding},
institution = {School of Computer Science University of Waterloo},
year = {2006}
}







% this is sub graph cluster regerences.

@Article{Devine,
author = { Karen D. Devine and Erik G. Boman and Robert T. Heaphy and Rob H. Bisseling and Umit V. Catalyurk},
title = {Parallel Hypergraph Partitioning for Scientific Computing},
journel = {Sandia National Laboratories},
year = {2006}
}



