%https://pdfs.semanticscholar.org/4218/b63039a1bae3ec426242c47185cc318d4d11.pdf
@ARTICLE{RecHilbert,
author = {GREG BREINHOLT and CHRISTOPH SCHIERZ},
title = {Algorithm 781: Generating Hilbertâ€™s Space-Filling Curve by Recursion},
institution = {Swiss Federal Institute of Technology},
journal = {ACM Transactions on Mathematical Software},
year = {1998},
volume = {24},
number = {2},
pages = {184-189},
month = {June}
}

%http://www.iaeng.org/IJCS/issues_v37/issue_1/IJCS_37_1_02.pdf
@ARTICLE{ClosedCurve,
	author = {Chih-Sheng Chen and Shen-Yi Lin and Min-Hsuan Fan	and Chua-Huang Huang},
	title = {A Closed-Form Algorithm for Converting Hilbert Space-Filling Curve Indices},
	institution = {Department of Information Engineering and Computer Science,	Feng Chia University},
	journal = {International Journal of Computer Science},
	year = {2010},
	volume = {37},
	number = {1},
	month = {Feburary}
}



%https://arxiv.org/pdf/1606.06133.pdf
@techreport{CURVES,
	author  = {Nico Reissmann and Magnus Jahre and Jan Christian Meyer }, 
	title   = {A Study of Energy and Locality Effects using Space-filling Curves},
	journal = {arxiv},
	institution = {Dept. of Computer and Information Science (IDI) NTNU, Norway},
	year         = 2016,
	number       = 160606133,
	address      = {NTNU, Norway},
	month        = 6
}

%http://sc15.supercomputing.org/sites/all/themes/SC15images/src_poster/poster_files/spost114s2-file2.pdf
@techreport{NCA,
	author  = {Milinda Fernando and Hari Sundar}, 
	title   = {Hilbert Curve based Flexible Dynamic Partitioning Scheme for Adaptive Scientific Computations},
	journal = {Super Computing},
	institution = {School of Computing University of Utah},
	year         = 2016,
	number       = 1,
	address      = {Utah},
	month        = 1
}

%http://j.teresco.org/research/publications/octpart02/octpart02.pdf
@techreport{ ZOLTAN,
	author  = {P. M. Campbell and K. D. Devine and J. E. Flaherty and L. G. Gervasio and J. D. Teresco},
	title   = {Dynamic Octree Load Balancing Using Space-Filling Curves},
	journal = {IBM Microelectronics Division},
	institution = {Williams College Department of Computer Science},
	year         = 2003,
	number       = 1,
	address      = {Williamstown, MA 01267},
	month        = 1
}


%http://www.diss.fu-berlin.de/diss/receive/FUDISS_thesis_000000003494?lang=en
@phdthesis{KEVIN,
	author       = {Kevin Buchin}, 
	title        = {Space-Filling Curves, Delaunay Tessellation of Random Point Sets, and Flow Complexes},
	school       = {Freie Universitat},
	year         = 2008,
	address      = {Berlin, Germany},
	month        = 1
}

%http://lutanho.net/pic2html/draw_sfc.html
@UNPUBLISHED{MSHSFC,
author = { Lutz Tautenhahn},
year = {2003},
title = {Draw a space filling curve of odd sizes},
note= {Odd work}
}

%http://www.cslab.ece.ntua.gr/twiki/pub/Collab/MultidimensionalIndexing/Alternative_Algorithm_for_Hilbert_s_Space_Filling_Curve.pdf
@article{BUTZ,
	author  = {ARTHUR R. BUTZ}, 
	title   = {Alternative Algorithm for Hilbert's Space-Filling Curve},
	journal = {IEEE TRANSACTIONS ON COMPUTERS},
	year    = 1971,
	number  = 1,
	pages   = {424-426},
	month   = 4,
	volume  = 20
}

%http://www2.isye.gatech.edu/~jjb/research/mow/papers/hilbert.pdf
@phdthesis{OCTCURVE,
	author       = {John J. Bartholdi, III  and Paul Goldsman}, 
	title        = {Vertex-Labeling Algorithms for the Hilbert Spacefilling Curve},
	school       = {School of Industrial and Systems Engineering, Georgia Institute of Technology},
	year         = 2000,
	address      = {Atlanta, Georgia 30332-0205 USA},
	month        = 1
}