
@BOOK{Odometer:Fuchs,
	author = { Phillip P. Fuchs},
	title = {Permutation Odometers},
	publisher = {www.quickperm.org/odometers.php},
	year = {2016}
}

@BOOK{Hypergraph:Book,
	author = {Claude Berge},
	title = {Hypergraphs},
	publisher = {North-Holland Mathematical Library},
	year = {1989}
}

